<record><leader>00000cas a22000007a 4500</leader><controlfield tag="001">9530441</controlfield><controlfield tag="008">830520d18601865ohuwr ne      0    0eng d</controlfield><datafield ind1=" " ind2=" " tag="010"><subfield code="a">sn 83035188 </subfield></datafield><datafield ind1=" " ind2=" " tag="040"><subfield code="a">NPY</subfield><subfield code="b">eng</subfield><subfield code="c">NPY</subfield><subfield code="d">ONP</subfield><subfield code="d">OCL</subfield><subfield code="d">OCLCQ</subfield><subfield code="d">OCLCF</subfield><subfield code="d">OCLCO</subfield></datafield><datafield ind1=" " ind2=" " tag="042"><subfield code="a">msc</subfield></datafield><datafield ind1=" " ind2=" " tag="043"><subfield code="a">n-us-oh</subfield></datafield><datafield ind1="0" ind2=" " tag="130"><subfield code="a">Democratic Union (West Union, Ohio : 1860)</subfield></datafield><datafield ind1="1" ind2="0" tag="245"><subfield code="a">Democratic Union.</subfield></datafield><datafield ind1=" " ind2=" " tag="260"><subfield code="a">West Union, Ohio :</subfield><subfield code="b">J.K. Billings and T.J. Mullen,</subfield><subfield code="c">-1865.</subfield></datafield><datafield ind1=" " ind2=" " tag="300"><subfield code="a">v.</subfield></datafield><datafield ind1=" " ind2=" " tag="310"><subfield code="a">Weekly</subfield></datafield><datafield ind1="1" ind2=" " tag="362"><subfield code="a">Began with Feb. 10, 1860 issue.</subfield></datafield><datafield ind1="0" ind2=" " tag="362"><subfield code="a">-v. 6, no. 20 (Oct. 13, 1865).</subfield></datafield><datafield ind1=" " ind2=" " tag="588"><subfield code="a">Description based on: Vol. 1, no. (Feb. 17, 1860).</subfield></datafield><datafield ind1=" " ind2="0" tag="651"><subfield code="a">West Union (Ohio)</subfield><subfield code="v">Newspapers.</subfield></datafield><datafield ind1=" " ind2="0" tag="651"><subfield code="a">Adams County (Ohio)</subfield><subfield code="v">Newspapers.</subfield></datafield><datafield ind1=" " ind2="7" tag="655"><subfield code="a">Newspapers.</subfield><subfield code="2">fast</subfield><subfield code="0">(OCoLC)fst01423814</subfield></datafield><datafield ind1=" " ind2="7" tag="651"><subfield code="a">Ohio</subfield><subfield code="z">Adams County.</subfield><subfield code="2">fast</subfield><subfield code="0">(OCoLC)fst01205725</subfield></datafield><datafield ind1=" " ind2="7" tag="651"><subfield code="a">Ohio</subfield><subfield code="z">West Union.</subfield><subfield code="2">fast</subfield><subfield code="0">(OCoLC)fst01213056</subfield></datafield><datafield ind1=" " ind2=" " tag="752"><subfield code="a">United States</subfield><subfield code="b">Ohio</subfield><subfield code="c">Adams</subfield><subfield code="d">West Union.</subfield></datafield></record>